@manual{test,
    title           = {Test},
    organization    = {SpaceLab},
    year            = {2021},
    month           = {April},
    note            = {Note}
}
